@online{torque,
  author = {{Adaptive Computing}},
  title = {{TORQUE Resource Manager}},
  url = {http://www.adaptivecomputing.com/products/open-source/torque/},
  note = {Visited on 04.06.2013}
}

@online{pik,
  author = {{Potsdam Institute For Climate Impact Research (PIK)}},
  title = {{Compute Service Overview}},
  url = {http://www.pik-potsdam.de/services/it/hpc},
  note = {Visited on 04.06.2013}
}

@online{lsf,
  author = {IBM},
  title = {{IBM Platform LSF}},
  url = {http://www.ibm.com/systems/technicalcomputing/platformcomputing/products/lsf/},
  note = {Visited on 04.06.2013}
}

@online{loadleveler,
  author = {{IBM}},
  title = {{Tivoli Workload Scheduler LoadLeveler}},
  url = {http://www.ibm.com/systems/software/loadleveler/},
  note = {Visited on 04.06.2013}
}

@online{xcat,
  title = {{xCAT Extreme Cloud Administration Toolkit}},
  url = {http://xcat.sourceforge.net/},
  note = {Visited on 04.06.2013}
}

@online{gpfs,
  author = {IBM},
  title = {{General Parallel File System}},
  url = {http://www.ibm.com/systems/software/gpfs/},
  note = {Visited on 04.06.2013}
}

@article{biermann,
  title = {{CHERUB-Integration am Computer-Cluster des GeoForschungsZentrum Potsdam}},
  author = {Martin Biermann},
  year = {2011},
}

@article{cherub,
  title = {{CHERUB: power consumption aware cluster resource management}},
  author = {Simon Kiertscher and J{\"o}rg Zinke and Bettina Schnor},
  journal = {Cluster Computing},
  pages = {1--9},
  year = {2011},
}

@masterthesis{kiertscher,
  title = {{Green IT â€“ Energiebewusstes Clustermanagement}},
  author = {Simon Kiertscher},
  year = {2010},
  school = {University Potsdam},
  type = {Diploma Thesis}
}

@article{loadldoc,
  author = {IBM},
  title = {{Tivioli Workload Scheduler LoadLeveler: Using and Administering}},
  year = {2008},
  edition = {9},
  note = {Version 3 Release 5},
}

@online{pyloadl,
  author = {{PyLoadL}},
  title = {{Python Bindings for IBM TWS LoadLeveler}},
  url = {http://www.gingergeeks.co.uk/},
  note = {Visited on 04.06.2013}
}

@online{gil,
  author = {{The Python Wiki}},
  title = {{Global Interpreter Lock}},
  url = {http://wiki.python.org/moin/GlobalInterpreterLock},
  note = {Visited on 04.06.2013}
}

